<record><leader>00000cas a22000007a 4500</leader><controlfield tag="001">41237679</controlfield><controlfield tag="008">990422d19551956azuqr n       0    0eng d</controlfield><datafield ind1=" " ind2=" " tag="010"><subfield code="a">sn2001060061</subfield></datafield><datafield ind1=" " ind2=" " tag="040"><subfield code="a">AZN</subfield><subfield code="b">eng</subfield><subfield code="c">AZN</subfield><subfield code="d">ANN</subfield><subfield code="d">OCLCO</subfield></datafield><datafield ind1="1" ind2=" " tag="029"><subfield code="a">AU@</subfield><subfield code="b">000022766430</subfield></datafield><datafield ind1=" " ind2=" " tag="042"><subfield code="a">msc</subfield></datafield><datafield ind1="0" ind2="0" tag="245"><subfield code="a">Hualapai news quarterly.</subfield></datafield><datafield ind1="0" ind2="0" tag="246"><subfield code="a">Hualapai news</subfield></datafield><datafield ind1=" " ind2=" " tag="260"><subfield code="a">[Peach Springs, Ariz.] :</subfield><subfield code="b">Rupert Parker,</subfield><subfield code="c">1955-1956.</subfield></datafield><datafield ind1=" " ind2=" " tag="300"><subfield code="a">v.</subfield></datafield><datafield ind1=" " ind2=" " tag="310"><subfield code="a">Every three months</subfield></datafield><datafield ind1="0" ind2=" " tag="362"><subfield code="a">Jan., Feb., March 1955-Oct., Nov., Dec. 1956.</subfield></datafield><datafield ind1=" " ind2="0" tag="650"><subfield code="a">Hualapai Indians</subfield><subfield code="v">Newspapers.</subfield></datafield><datafield ind1=" " ind2="0" tag="650"><subfield code="a">Indians of North America</subfield><subfield code="z">Arizona</subfield><subfield code="v">Newspapers.</subfield></datafield><datafield ind1=" " ind2="0" tag="651"><subfield code="a">Peach Springs (Ariz.)</subfield><subfield code="v">Newspapers.</subfield></datafield><datafield ind1=" " ind2="0" tag="651"><subfield code="a">Mohave County (Ala.)</subfield><subfield code="v">Newspapers.</subfield></datafield><datafield ind1=" " ind2=" " tag="752"><subfield code="a">United States</subfield><subfield code="b">Arizona</subfield><subfield code="c">Mohave</subfield><subfield code="d">Peach Springs.</subfield></datafield><datafield ind1="0" ind2="0" tag="785"><subfield code="t">Hualapai newsletter</subfield><subfield code="w">(DLC)sn 2001060057</subfield><subfield code="w">(OCoLC)41237684</subfield></datafield></record>